<?xml version="1.0" encoding="UTF-8"?><collection xmlns="http://www.loc.gov/MARC21/slim"><record><leader>00387nam--2200133-i-4500</leader><controlfield tag="001">000040209</controlfield><controlfield tag="002">20161230</controlfield><controlfield tag="005">20161230201042</controlfield><controlfield tag="008">060222s1000------------r-----000-0-eng-d</controlfield><datafield ind1=" " ind2=" " tag="080"><subfield code="a">681.51(043)</subfield></datafield><datafield ind1=" " ind2=" " tag="100"><subfield code="a">Samak, Colette</subfield></datafield><datafield ind1=" " ind2=" " tag="245"><subfield code="a">Development d`une code de simulation pwr et application a des etudes de regulation. these</subfield></datafield><datafield ind1=" " ind2=" " tag="260"><subfield code="a">Orsay, Univ.Paris-sud, 1980. 186 P</subfield></datafield><datafield ind1=" " ind2=" " tag="852"><subfield code="a">70660</subfield></datafield></record></collection>